@article{margossian2024variational,
  title   = {Variational inference in location-scale families: Exact recovery of the mean and correlation matrix},
  author  = {Margossian, Charles C and Saul, Lawrence K},
  journal = {arXiv preprint arXiv:2410.11067},
  year    = {2024}
}


@article{blei2017variational,
  title     = {Variational inference: A review for statisticians},
  author    = {Blei, David M and Kucukelbir, Alp and McAuliffe, Jon D},
  journal   = {Journal of the American statistical Association},
  volume    = {112},
  number    = {518},
  pages     = {859--877},
  year      = {2017},
  publisher = {Taylor \& Francis}
}

@article{speagle2019conceptual,
  title   = {A conceptual introduction to {M}arkov chain {M}onte {C}arlo methods},
  author  = {Speagle, Joshua S},
  journal = {arXiv preprint arXiv:1909.12313},
  year    = {2019}
}

@article{petersen2008matrix,
  title   = {The matrix cookbook},
  author  = {Petersen, Kaare Brandt and Pedersen, Michael Syskind and others},
  journal = {Technical University of Denmark},
  volume  = {7},
  number  = {15},
  pages   = {510},
  year    = {2008}
}

@article{carpenter2017stan,
  title   = {Stan: A probabilistic programming language},
  author  = {Carpenter, Bob and Gelman, Andrew and Hoffman, Matthew D and Lee, Daniel and Goodrich, Ben and Betancourt, Michael and Brubaker, Marcus and Guo, Jiqiang and Li, Peter and Riddell, Allen},
  journal = {Journal of statistical software},
  volume  = {76},
  pages   = {1--32},
  year    = {2017}
}


@book{barker2007continuous,
  title     = {Continuous symmetry: from Euclid to Klein},
  author    = {Barker, William H and Howe, Roger},
  year      = {2007},
  publisher = {American Mathematical Soc.}
}

@article{d2022eigenstructure,
  title     = {On the eigenstructure of rotations and poses: commonalities and peculiarities},
  author    = {D'Eleuterio, Gabriele MT and Barfoot, Timothy D},
  journal   = {Proceedings of the Royal Society A},
  volume    = {478},
  number    = {2266},
  pages     = {20220080},
  year      = {2022},
  publisher = {The Royal Society}
}

@book{morawiec2003orientations,
  title     = {Orientations and rotations},
  author    = {Morawiec, Adam},
  year      = {2003},
  publisher = {Springer}
}

@article{albisetti2020testing,
  title     = {Testing for spherical and elliptical symmetry},
  author    = {Albisetti, Isaia and Balabdaoui, Fadoua and Holzmann, Hajo},
  journal   = {Journal of Multivariate Analysis},
  volume    = {180},
  pages     = {104667},
  year      = {2020},
  publisher = {Elsevier}
}

@article{barndorff1982exponential,
  title     = {Exponential transformation models},
  author    = {Barndorff-Nielsen, O and Blaesild, Preben and Jensen, J Ledet and J{\o}rgensen, B},
  journal   = {Proceedings of the Royal Society of London. A. Mathematical and Physical Sciences},
  volume    = {379},
  number    = {1776},
  pages     = {41--65},
  year      = {1982},
  publisher = {The Royal Society London}
}


@article{horn1988closed,
  title     = {Closed-form solution of absolute orientation using orthonormal matrices},
  author    = {Horn, Berthold KP and Hilden, Hugh M and Negahdaripour, Shahriar},
  journal   = {Journal of the Optical Society of America A},
  volume    = {5},
  number    = {7},
  pages     = {1127--1135},
  year      = {1988},
  publisher = {Optical Society of America}
}